02RETORNO01COBRANCA       014700109060        SEU CONDOMINIO LTDA-ME        341BANCO ITAU S.A.18041601600BPI00381190416                                                                                                                                                                                                                                                                                   000001
 FAIXA_NOSSO_NUMERO:      NOSSO_NUMERO:             COD./DAT_OCORRENCIA:                  VENCIMENTO/VALOR_TITULO:     TARIFA:                                                                       VALOR_CONTA:                              EXTRATO:                                                                                                 
10214488585000145014700109060                                 00000036            109000000366             I06150416          00000036            000000000000000010034101479  000000000035000000000000000000000000000000000000000000000000000000000000000001000000000025100000000000000000000000000   19041600000000000000000000000                                                                    BL000002
10214488585000145014700109060                                 11387404            112113874047             I06150416000000001411387404            01051600000000001003410147999000000000000000000000000000000000000000000000000000000000000000000000000000000000000000010000000000000000000000000000   19041600000000000000000000000- RODRIGO EMAIL SC                                                  BL000003
10214488585000145014700109060                                 04491754            157044917541             I021804162123      04491754            200416000000000010034146839  000000000000000000000000000000000000000000000000000000000000000000000000000000000000000000000000000000000000000000000         00000000000000000000000RODRIGO MENDONCA                                                      000004
10214488585000145014700109060                                 00000002            175000000029             I06150416          00000002            000000000000000005034101479  000000000070000000000000000000000000000000000000000000000000000000000000000000000000000065000000000000000000000000000   19041600000000000000000000000                                                                    BL000005
10214488585000145014700109060                                 00001071            175000010713             I06150416          00001071            000000000000001000023716998  000000000070000000000000000000000000000000000000000000000000000000000000000000000000000930000000000000000000000000000   19041600000000000000000000000                                                                    B1000006
10214488585000145014700109060                                 00001078            175000010788             I06150416          00001078            000000000000001000034192601  000000000070000000000000000000000000000000000000000000000000000000000000000000000000000930000000000000000000000000000   19041600000000000000000000000                                                                    Q0000007
10214488585000145014700109060                                 00001080            175000010804             I06150416          00001080            000000000000001000034106106  000000000070000000000000000000000000000000000000000000000000000000000000000000000000000930000000000000000000000000000   19041600000000000000000000000                                                                    Q0000008
10214488585000145014700109060                                 00001082            175000010820             I06150416          00001082            000000000000002058075633332  000000000070000000000000000000000000000000000000000000000000000000000000000000000000001988000000000000000000000000000   19041600000000000000000000000                                                                    B3000009
10214488585000145014700109060                                 00001094            175000010945             I06150416          00001094            000000000000001000023704937  000000000070000000000000000000000000000000000000000000000000000000000000000000000000000930000000000000000000000000000   19041600000000000000000000000                                                                    B3000010
10214488585000145014700109060                                 00001103            175000011034             I06150416          00001103            000000000000001470010436384  000000000070000000000000000000000000000000000000000000000000000000000000000000000000001400000000000000000000000000000   19041600000000000000000000000                                                                    B3000011
10214488585000145014700109060                                 00001104            175000011042             I06150416          00001104            000000000000001470075633332  000000000070000000000000000000000000000000000000000000000000000000000000000000000000001400000000000000000000000000000   19041600000000000000000000000                                                                    B3000012
10214488585000145014700109060                                 00001110            175000011109             I06150416          00001110            000000000000001960034143901  000000000070000000000000000000000000000000000000000000000000000000000000000000000000001890000000000000000000000000000   19041600000000000000000000000                                                                    BL000013
10214488585000145014700109060                                 00001111            175000011117             I06150416          00001111            000000000000001470023701057  000000000070000000000000000000000000000000000000000000000000000000000000000000000000001400000000000000000000000000000   19041600000000000000000000000                                                                    B7000014
10214488585000145014700109060                                 00001113            175000011133             I06150416          00001113            000000000000000686075633332  000000000070000000000000000000000000000000000000000000000000000000000000000000000000000616000000000000000000000000000   19041600000000000000000000000                                                                    B3000015
10214488585000145014700109060                                 00001118            175000011182             I06150416          00001118            000000000000006760034160970  000000000070000000000000000000000000000000000000000000000000000000000000000000000000006690000000000000000000000000000   19041600000000000000000000000                                                                    CK000016
10214488585000145014700109060                                 00001126            175000011265             I06150416          00001126            000000000000001000034199267  000000000070000000000000000000000000000000000000000000000000000000000000000000000000000930000000000000000000000000000   19041600000000000000000000000                                                                    CP000017
10214488585000145014700109060                                 00001131            175000011315             I06150416          00001131            000000000000001000039911239  000000000070000000000000000000000000000000000000000000000000000000000000000000000000000930000000000000000000000000000   19041600000000000000000000000                                                                    B3000018
10214488585000145014700109060                                 00001136            175000011364             I06150416          00001136            000000000000001000010406585  000000000070000000000000000000000000000000000000000000000000000000000000000000000000000930000000000000000000000000000   19041600000000000000000000000                                                                    B3000019
10214488585000145014700109060                                 00001140            175000011406             I06150416          00001140            000000000000002940075612005  000000000070000000000000000000000000000000000000000000000000000000000000000000000000002870000000000000000000000000000   19041600000000000000000000000                                                                    B1000020
10214488585000145014700109060                                 00001162            175000011620             I06150416          00001162            000000000000002450075633332  000000000070000000000000000000000000000000000000000000000000000000000000000000000000002380000000000000000000000000000   19041600000000000000000000000                                                                    B3000021
10214488585000145014700109060                                 00001163            175000011638             I06150416          00001163            000000000000002450075611999  000000000070000000000000000000000000000000000000000000000000000000000000000000000000002380000000000000000000000000000   19041600000000000000000000000                                                                    B1000022
10214488585000145014700109060                                 00001165            175000011653             I06150416          00001165            000000000000002940075633332  000000000070000000000000000000000000000000000000000000000000000000000000000000000000002870000000000000000000000000000   19041600000000000000000000000                                                                    B3000023
10214488585000145014700109060                                 00001172            175000011729             I06150416          00001172            000000000000002450010418424  000000000070000000000000000000000000000000000000000000000000000000000000000000000000002380000000000000000000000000000   19041600000000000000000000000                                                                    B3000024
10214488585000145014700109060                                 00001173            175000011737             I06150416          00001173            000000000000002940075633332  000000000070000000000000000000000000000000000000000000000000000000000000000000000000002870000000000000000000000000000   19041600000000000000000000000                                                                    B3000025
10214488585000145014700109060                                 00001176            175000011760             I06150416          00001176            000000000000002940075612005  000000000070000000000000000000000000000000000000000000000000000000000000000000000000002870000000000000000000000000000   19041600000000000000000000000                                                                    B1000026
10214488585000145014700109060                                 00001184            175000011844             I06150416          00001184            000000000000002450075633332  000000000070000000000000000000000000000000000000000000000000000000000000000000000000002380000000000000000000000000000   19041600000000000000000000000                                                                    B1000027
10214488585000145014700109060                                 00001185            175000011851             I06150416          00001185            000000000000002940075633332  000000000070000000000000000000000000000000000000000000000000000000000000000000000000002870000000000000000000000000000   19041600000000000000000000000                                                                    B3000028
10214488585000145014700109060                                 00001186            175000011869             I06150416          00001186            000000000000002940075630619  000000000070000000000000000000000000000000000000000000000000000000000000000000000000002870000000000000000000000000000   19041600000000000000000000000                                                                    B3000029
10214488585000145014700109060                                 00001189            175000011893             I06150416          00001189            000000000000002450075612005  000000000070000000000000000000000000000000000000000000000000000000000000000000000000002380000000000000000000000000000   19041600000000000000000000000                                                                    B1000030
10214488585000145014700109060                                 00001196            175000011968             I06150416          00001196            000000000000001350003321196  000000000070000000000000000000000000000000000000000000000000000000000000000000000000001280000000000000000000000000000   19041600000000000000000000000                                                                    B3000031
10214488585000145014700109060                                 00001197            175000011976             I06150416          00001197            000000000000001500034102972  000000000070000000000000000000000000000000000000000000000000000000000000000000000000001430000000000000000000000000000   19041600000000000000000000000                                                                    CK000032
10214488585000145014700109060                                 00001200            175000012008             I06150416          00001200            000000000000002500010443265  000000000070000000000000000000000000000000000000000000000000000000000000000000000000002430000000000000000000000000000   19041600000000000000000000000                                                                    B3000033
9201341          000000000000000000000000000000          000000000000000000000000000000                                                  000000000000000000000000000000          0000000100000000000100  19/04S003810000003200000000581490                                                                                                                                                                000034