02RETORNO01COBRANCA       014700109060        SEU CONDOMINIO LTDA-ME        341BANCO ITAU S.A.24111501600BPI50300351115                                                                                                                                                                                                                                                                                   000001
10214488585000145014700109060                                 00000304            109000001117             I02180716          00000304            200716000000000010034146839  000000000070000000000000000000000000000000000000000000000000000000000000000000000000000000000000000000000000000000000         00000000000000000000000RODRIGO MENDONCA                                     01000000         000002
10214488585000145014700109060                                 00000302            109000001109             I02180716          00000302            200716000000000010034146839  000000000070000000000000000000000000000000000000000000000000000000000000000000000000000000000000000000000000000000000         00000000000000000000000RODRIGO MENDONCA                                     01000000         000003
10214488585000145014700109060                                 00000217            109000001091             I02180716          00000217            200716000000000010034146839  000000000070000000000000000000000000000000000000000000000000000000000000000000000000000000000000000000000000000000000         00000000000000000000000RODRIGO MENDONCA                                     01000000         000004
9201341          000000000000000000000000000000          000000000000000000000000000000                                                  000000000000000000000000000000          000000000000000000000000000000000000000000000000000000000                                                                                                                                                                000005
