02RETORNO01COBRANCA       014800109060        SEU CONDOMINIO LTDA-ME        341BANCO ITAU S.A.24111501600BPI50300351115                                                                                                                                                                                                                                                                                   000001
10214488585000145014800109060                                 00003157            112000031578             I06180716000000000700003157            101016000000006987034146839  000000000070000000000000000000000000000000000000000000000000000000000000000000000000006917000000000000000000000000000         00000000000000000000000RODRIGO MENDONCA                                     01000000         000002
10214488585000145014800109060                                 00006229            112000062292             I06180716000000000600006229            101016000000011524634146839  000000000070000000000000000000000000000000000000000000000000000000000000000000000000011454600000000000000000000000000         00000000000000000000000RODRIGO MENDONCA                                     01000000         000003
10214488585000145014800109060                                 00004505            112000045057             I06180716000000000500004505            101016000000004353334146839  000000000070000000000000000000000000000000000000000000000000000000000000000000000000004283300000000000000000000000000         00000000000000000000000RODRIGO MENDONCA                                     01000000         000004
9201341          000000000000000000000000000000          000000000000000000000000000000                                                  000000000000000000000000000000          000000000000000000000000000000000000000000000000000000000                                                                                                                                                                000005
