02RETORNO01COBRANCA       014700109060        SEU CONDOMINIO LTDA-ME        341BANCO ITAU S.A.24111501600BPI50300351115                                                                                                                                                                                                                                                                                   000001
10214488585000145014700010906                                 00000031            109000000317             I06180716000000001000000031            051016000000001574734146839  000000000070000000000000000000000000000000000000000000000000000000000000000000870230000000000000000000000000000000000         00000000000000000000000RODRIGO MENDONCA                                     01000000         000002
10214488585000145014700010906                                 00000030            109000000309             I06180716000000000900000030            051016000000009821134146839  000000000070000000000000000000000000000000000000000000000000000000000000000000870230000000000000000000000000000000000         00000000000000000000000RODRIGO MENDONCA                                     01000000         000003
10214488585000145014700010906                                 00000029            109000000291             I06180716000000000700000029            051016000000020568234146839  000000000070000000000000000000000000000000000000000000000000000000000000000000870230000000000000000000000000000000000         00000000000000000000000RODRIGO MENDONCA                                     01000000         000004
10214488585000145014700010906                                 00000028            109000000283             I06180716000000000800000028            051016000000000830734146839  000000000070000000000000000000000000000000000000000000000000000000000000000000870230000000000000000000000000000000000         00000000000000000000000RODRIGO MENDONCA                                     01000000         000005
10214488585000145014700010906                                 00000027            109000000275             I06180716000000000600000027            051016000000019258934146839  000000000070000000000000000000000000000000000000000000000000000000000000000000870230000000000000000000000000000000000         00000000000000000000000RODRIGO MENDONCA                                     01000000         000006
9201341          000000000000000000000000000000          000000000000000000000000000000                                                  000000000000000000000000000000          000000000000000000000000000000000000000000000000000000000                                                                                                                                                                000007
